@article{example:paper,
    author = {Example Author},
    title = {Example Title},
    journal = {Example Journal},
    month = jan,
    year = 1900,
}