@misc{_battery_????,
	title = {Battery Monitor Widget - Android Apps on Google Play},
	url = {https://play.google.com/store/apps/details?id=ccc71.bmw&hl=en},
	urldate = {2014-02-17},
	file = {Battery Monitor Widget - Android Apps on Google Play:/Users/mk74/Library/Application Support/Zotero/Profiles/tgi8momj.default/zotero/storage/X9SZVVNS/details.html:text/html}
},

@misc{_betterbatterystats_????,
	title = {{BetterBatteryStats} - Android Apps on Google Play},
	url = {https://play.google.com/store/apps/details?id=com.asksven.betterbatterystats&hl=en_GB},
	urldate = {2014-02-17},
	file = {BetterBatteryStats - Android Apps on Google Play:/Users/mk74/Library/Application Support/Zotero/Profiles/tgi8momj.default/zotero/storage/HJ8ZJKA2/details.html:text/html}
},

@misc{_monsoon_????,
	title = {Monsoon Solutions},
	url = {http://www.msoon.com/LabEquipment/PowerMonitor/},
	urldate = {2014-02-17},
	file = {Monsoon Solutions:/Users/mk74/Library/Application Support/Zotero/Profiles/tgi8momj.default/zotero/storage/PZ95F39P/PowerMonitor.html:text/html}
}